<record><leader>00000cas a2200000Ma 4500</leader><controlfield tag="001">11027206</controlfield><controlfield tag="008">840807d18641917aluwr ne      0    0eng d</controlfield><datafield ind1=" " ind2=" " tag="010"><subfield code="a">sn 84023481 </subfield></datafield><datafield ind1=" " ind2=" " tag="040"><subfield code="a">AQM</subfield><subfield code="b">eng</subfield><subfield code="c">AQM</subfield><subfield code="d">OCLCQ</subfield></datafield><datafield ind1="0" ind2="4" tag="245"><subfield code="a">The Eutaw Whig and observer.</subfield></datafield><datafield ind1="1" ind2="7" tag="246"><subfield code="a">Whig &amp; observer</subfield></datafield><datafield ind1=" " ind2=" " tag="260"><subfield code="a">Eutaw, Ala. :</subfield><subfield code="b">William O. Monroe</subfield></datafield><datafield ind1=" " ind2=" " tag="300"><subfield code="a">v. :</subfield><subfield code="b">ill. ;</subfield><subfield code="c">50-65 cm.</subfield></datafield><datafield ind1=" " ind2=" " tag="310"><subfield code="a">Weekly</subfield></datafield><datafield ind1="1" ind2=" " tag="362"><subfield code="a">Began in 1864.</subfield><subfield code="z">Cf. Ellison, R.C. Hist. and bibl. of Ala. newspapers in the 19th cent.</subfield></datafield><datafield ind1="1" ind2=" " tag="362"><subfield code="a">Ceased in 1917.</subfield><subfield code="z">Cf. Amer. newspapers, 1821-1936.</subfield></datafield><datafield ind1=" " ind2=" " tag="500"><subfield code="a">"Democratic and Conservative."</subfield></datafield><datafield ind1=" " ind2=" " tag="515"><subfield code="a">Numbering is irregular.</subfield></datafield><datafield ind1=" " ind2=" " tag="588"><subfield code="a">Description based on: Vol. 24, no. 11 (Apr. 28, 1864) = Whole no. 1259.</subfield></datafield><datafield ind1=" " ind2="7" tag="655"><subfield code="a">Newspapers.</subfield><subfield code="2">rbgenr</subfield></datafield><datafield ind1=" " ind2=" " tag="752"><subfield code="a">United States</subfield><subfield code="b">Alabama</subfield><subfield code="c">Greene</subfield><subfield code="d">Eutaw.</subfield></datafield><datafield ind1="0" ind2="0" tag="780"><subfield code="t">Whig and observer</subfield><subfield code="w">(DLC)sn 86050258</subfield></datafield></record>